<?xml version="1.0" encoding="UTF-8"?><collection xmlns="http://www.loc.gov/MARC21/slim"><record><leader>00452nam--2200157-i-4500</leader><controlfield tag="001">000002049</controlfield><controlfield tag="002">20161230</controlfield><controlfield tag="005">20161230201024</controlfield><controlfield tag="008">060222s1000------------r-----000-0-eng-d</controlfield><datafield ind1=" " ind2=" " tag="100"><subfield code="a">Doetsch, G</subfield></datafield><datafield ind1=" " ind2=" " tag="245"><subfield code="a">HANDBUCH DER LAPLACE-TRANSFORMATION. ANWENDUNGEN DER LAPLACE-TRANSFORMATION. vol.III</subfield></datafield><datafield ind1=" " ind2=" " tag="260"><subfield code="a">Basel, Birkhauser, 1956</subfield></datafield><datafield ind1=" " ind2=" " tag="300"><subfield code="a">300 p</subfield></datafield><datafield ind1=" " ind2=" " tag="490"><subfield code="a">Lehrbucher Und Mono-graphien</subfield></datafield><datafield ind1=" " ind2=" " tag="852"><subfield code="a">10177</subfield><subfield code="c">517.63</subfield></datafield><datafield ind1=" " ind2=" " tag="CAT"><subfield code="a">Sys</subfield><subfield code="c">20080821</subfield><subfield code="h">095349</subfield></datafield></record></collection>